@Book{xie2015,
  title = {Dynamic Documents with {R} and knitr},
  author = {Yihui Xie},
  publisher = {Chapman and Hall/CRC},
  address = {Boca Raton, Florida},
  year = {2015},
  edition = {2nd},
  note = {ISBN 978-1498716963},
  url = {http://yihui.name/knitr/},
}

@Article{nng_method, 
        Author = {Christian Rohrer},
        Date-Modified = {2014-10-12},
      	Journal = {Nielsen Norman Group},
      	Keywords = {research methods, strategy, user testing},
      	Month = {October},
      	Title = {When to Use Which User-Experience Research Methods},
      	Url = {https://www.nngroup.com/articles/which-ux-research-methods/},
      	Year = {2014}
      	}
        